@article{nitsche2008transcranial,
  title={Transcranial direct current stimulation: state of the art 2008},
  author={Nitsche, Michael A and Cohen, Leonardo G and Wassermann, Eric M and Priori, Alberto and Lang, Nicolas and Antal, Andrea and Paulus, Walter and Hummel, Friedhelm and Boggio, Paulo S and Fregni, Felipe and others},
  journal={Brain stimulation},
  volume={1},
  number={3},
  pages={206--223},
  year={2008},
  publisher={Elsevier}
}

@article{rossi2009safety,
  title={Safety, ethical considerations, and application guidelines for the use of transcranial magnetic stimulation in clinical practice and research},
  author={Rossi, Simone and Hallett, Mark and Rossini, Paolo M and Pascual-Leone, Alvaro and Safety of TMS Consensus Group and others},
  journal={Clinical neurophysiology},
  volume={120},
  number={12},
  pages={2008--2039},
  year={2009},
  publisher={Elsevier}
}

@article{barker1985non,
  title={Non-invasive magnetic stimulation of human motor cortex},
  author={Barker, Anthony T and Jalinous, Reza and Freeston, Ian L},
  journal={The Lancet},
  volume={325},
  number={8437},
  pages={1106--1107},
  year={1985},
  publisher={Elsevier}
}

@article{adrian1934berger,
  title={The Berger rhythm: potential changes from the occipital lobes in man},
  author={Adrian, Edgar Douglas and Matthews, Brian HC},
  journal={Brain},
  volume={57},
  number={4},
  pages={355--385},
  year={1934},
  publisher={Oxford University Press}
}

@inproceedings{millet2002origins,
  title={The origins of EEG},
  author={Millet, David},
  booktitle={7th Annual Meeting of the International Society for the History of the Neurosciences (ISHN)},
  year={2002}
}

@article{ahmed2013finding,
  title={Finding synchrony in the desynchronized EEG: the history and interpretation of gamma rhythms},
  author={Ahmed, Omar J and Cash, Sydney S},
  journal={Frontiers in integrative neuroscience},
  volume={7},
  pages={58},
  year={2013},
  publisher={Frontiers}
}

@article{benabid2005putative,
  title={A putative generalized model of the effects and mechanism of action of high frequency electrical stimulation of the central nervous system},
  author={Benabid, A and Wallace, Bradley and Mitrofanis, John and Xia, Rong and Piallat, Brigitte and Chabardes, Stephan and Berger, Fran{\c{c}}ois},
  journal={Acta neurologica belgica},
  volume={105},
  number={3},
  pages={149},
  year={2005},
  publisher={Publications Acta Medica Belgica; 1999}
}

@article{lorenz2009loss,
  title={Loss of alpha power is related to increased gamma synchronization—a marker of reduced inhibition in tinnitus?},
  author={Lorenz, Isabel and M{\"u}ller, Nadia and Schlee, Winfried and Hartmann, Thomas and Weisz, Nathan},
  journal={Neuroscience letters},
  volume={453},
  number={3},
  pages={225--228},
  year={2009},
  publisher={Elsevier}
}

@article{adamchic2014reversing,
  title={Reversing pathologically increased EEG power by acoustic coordinated reset neuromodulation},
  author={Adamchic, Ilya and Toth, Timea and Hauptmann, Christian and Tass, Peter Alexander},
  journal={Human brain mapping},
  volume={35},
  number={5},
  pages={2099--2118},
  year={2014},
  publisher={Wiley Online Library}
}

@article{dohrmann2007tuning,
  title={Tuning the tinnitus percept by modification of synchronous brain activity},
  author={Dohrmann, Katalin and Elbert, Thomas and Schlee, Winfried and Weisz, Nathan},
  journal={Restorative Neurology and Neuroscience},
  volume={25},
  number={3-4},
  pages={371--378},
  year={2007},
  publisher={IOS Press}
}

@article{weisz2007neural,
  title={The neural code of auditory phantom perception},
  author={Weisz, Nathan and M{\"u}ller, Simona and Schlee, Winfried and Dohrmann, Katalin and Hartmann, Thomas and Elbert, Thomas},
  journal={Journal of Neuroscience},
  volume={27},
  number={6},
  pages={1479--1484},
  year={2007},
  publisher={Soc Neuroscience}
}

@article{weisz2005tinnitus,
  title={Tinnitus perception and distress is related to abnormal spontaneous brain activity as measured by magnetoencephalography},
  author={Weisz, Nathan and Moratti, Stephan and Meinzer, Marcus and Dohrmann, Katalin and Elbert, Thomas},
  journal={PLoS Med},
  volume={2},
  number={6},
  pages={e153},
  year={2005},
  publisher={Public Library of Science}
}

@article{chen2011stimulation,
  title={Stimulation of the subthalamic region at 20{\'a}Hz slows the development of grip force in Parkinson's disease},
  author={Chen, Chiung Chu and Lin, Wey Yil and Chan, Hsiao Lung and Hsu, Yi Ting and Tu, Po Hsun and Lee, Shih Tseng and Chiou, Shang Ming and Tsai, Chon Haw and Lu, Chin Song and Brown, Peter},
  journal={Experimental neurology},
  volume={231},
  number={1},
  pages={91--96},
  year={2011},
  publisher={Elsevier}
}

@article{barnikol2008tremor,
  title={Tremor entrainment by patterned low-frequency stimulation},
  author={Barnikol, Utako B and Popovych, Oleksandr V and Hauptmann, Christian and Sturm, Volker and Freund, Hans-Joachim and Tass, Peter A},
  journal={Philosophical Transactions of the Royal Society A: Mathematical, Physical and Engineering Sciences},
  volume={366},
  number={1880},
  pages={3545--3573},
  year={2008},
  publisher={The Royal Society London}
}

@article{eusebio2008effects,
  title={Effects of low-frequency stimulation of the subthalamic nucleus on movement in Parkinson's disease},
  author={Eusebio, Alexandre and Chen, Chiung Chu and Lu, Chin Song and Lee, Shih Tseng and Tsai, Chon Haw and Limousin, Patricia and Hariz, Marwan and Brown, Peter},
  journal={Experimental neurology},
  volume={209},
  number={1},
  pages={125--130},
  year={2008},
  publisher={Elsevier}
}

@article{timmermann2004ten,
  title={Ten-Hertz stimulation of subthalamic nucleus deteriorates motor symptoms in Parkinson's disease},
  author={Timmermann, Lars and Wojtecki, Lars and Gross, Joachim and Lehrke, Ralph and Voges, J{\"u}rgen and Maarouf, Mohammed and Treuer, Harald and Sturm, Volker and Schnitzler, Alfons},
  journal={Movement disorders: official journal of the Movement Disorder Society},
  volume={19},
  number={11},
  pages={1328--1333},
  year={2004},
  publisher={Wiley Online Library}
}

@article{moro2002impact,
  title={The impact on Parkinson’s disease of electrical parameter settings in STN stimulation},
  author={Moro, E and Esselink, RJA and Xie, J and Hommel, M and Benabid, AL and Pollak, P},
  journal={Neurology},
  volume={59},
  number={5},
  pages={706--713},
  year={2002},
  publisher={AAN Enterprises}
}

@article{jenkinson2011new,
  title={New insights into the relationship between dopamine, beta oscillations and motor function},
  author={Jenkinson, Ned and Brown, Peter},
  journal={Trends in neurosciences},
  volume={34},
  number={12},
  pages={611--618},
  year={2011},
  publisher={Elsevier}
}

@article{kuhn2006reduction,
  title={Reduction in subthalamic 8--35 Hz oscillatory activity correlates with clinical improvement in Parkinson's disease},
  author={K{\"u}hn, Andrea A and Kupsch, Andreas and Schneider, Gerd-Helge and Brown, Peter},
  journal={European Journal of Neuroscience},
  volume={23},
  number={7},
  pages={1956--1960},
  year={2006},
  publisher={Wiley Online Library}
}

@article{hammond2007pathological,
  title={Pathological synchronization in Parkinson's disease: networks, models and treatments},
  author={Hammond, Constance and Bergman, Hagai and Brown, Peter},
  journal={Trends in neurosciences},
  volume={30},
  number={7},
  pages={357--364},
  year={2007},
  publisher={Elsevier}
}

@article{uhlhaas2006neural,
  title={Neural synchrony in brain disorders: relevance for cognitive dysfunctions and pathophysiology},
  author={Uhlhaas, Peter J and Singer, Wolf},
  journal={neuron},
  volume={52},
  number={1},
  pages={155--168},
  year={2006},
  publisher={Elsevier}
}

@article{best1979disrupting,
  title={Disrupting the conditioned stimulus preexposure effect in flavor-aversion learning: Effects of interoceptive distractor manipulations.},
  author={Best, Michael R and Gemberling, Gail A and Johnson, Paul E},
  journal={Journal of Experimental Psychology: Animal Behavior Processes},
  volume={5},
  number={4},
  pages={321},
  year={1979},
  publisher={American Psychological Association}
}

@article{guttman1980control,
  title={Control of repetitive firing in squid axon membrane as a model for a neuroneoscillator.},
  author={Guttman, RITA and Lewis, STEPHEN and Rinzel, JOHN},
  journal={The Journal of physiology},
  volume={305},
  number={1},
  pages={377--395},
  year={1980},
  publisher={Wiley Online Library}
}